<collection xmlns="http://www.loc.gov/MARC21/slim">
<record>
  <leader>03192nam0a2200445 i 450 </leader>
  <controlfield tag="001">IT\ICCU\CNCE\017924</controlfield>
  <controlfield tag="005">20191203000000.0</controlfield>
  <datafield tag="012" ind1=" " ind2=" ">
    <subfield code="a">tes- t.re i-a, LeAl (3) 1585 (R)</subfield>
    <subfield code="2">fei</subfield>
  </datafield>
  <datafield tag="100" ind1=" " ind2=" ">
    <subfield code="a">19970101d1585        0itac0103    ba</subfield>
  </datafield>
  <datafield tag="101" ind1=" " ind2=" ">
    <subfield code="a">ITA</subfield>
  </datafield>
  <datafield tag="102" ind1=" " ind2=" ">
    <subfield code="a">IT</subfield>
  </datafield>
  <datafield tag="200" ind1="1" ind2=" ">
    <subfield code="a">Herbario nuouo di Castore Durante medico, &amp; cittadino romano. Con figure che rappresentano le viue piante, che nascono in tutta Europa, &amp; nell&apos;Indie orientali, &amp; occidentali. Con versi latini che comprendono le facolt,̉ de i semplici medicamenti da i quali si insegna il modo di cauar l&apos;acque, &amp; farne vini medicinali, &amp; molti antidoti salutiferi. Con discorsi che dimostrano i nomi, le spetie, la forma, il loco, il tempo, le qualit,̉ &amp; le virt ̮mirabili dell&apos;herbe, insieme col peso, &amp; ordine da vsarle, scoprendo rari secreti, &amp; singolari rimedij da sanar le pi ̮difficili infirmit ̉del corpo humano. Con due tauole copiosissime, l&apos;vna dell&apos;herbe et l&apos;altra dell&apos;infirmit,̉ &amp; di tutto quello che nell&apos;opera si contiene</subfield>
  </datafield>
  <datafield tag="210" ind1=" " ind2=" ">
    <subfield code="a">In Roma</subfield>
    <subfield code="c">per Iacomo Bericchia</subfield>
    <subfield code="d">&amp; Iacomo Tornierij</subfield>
    <subfield code="d">1585</subfield>
    <subfield code="e">In Roma</subfield>
    <subfield code="g">nella stamperia di Bartholomeo Bonfadino</subfield>
    <subfield code="h">&amp; Tito Diani</subfield>
    <subfield code="h">1585</subfield>
  </datafield>
  <datafield tag="215" ind1=" " ind2=" ">
    <subfield code="a">\24!, 492 \i.e. 480!, \44! p.</subfield>
    <subfield code="c">ill.</subfield>
    <subfield code="d">fol</subfield>
  </datafield>
  <datafield tag="620" ind1=" " ind2=" ">
    <subfield code="a">IT</subfield>
    <subfield code="d">Roma</subfield>
  </datafield>
  <datafield tag="700" ind1=" " ind2="1">
    <subfield code="a">Durante,</subfield>
    <subfield code="b">Castore</subfield>
    <subfield code="3">IT\ICCU\CNCA\004978</subfield>
  </datafield>
  <datafield tag="712" ind1="0" ind2="0">
    <subfield code="a">Tornieri, Giacomo &amp; Bericchia, Giacomo</subfield>
    <subfield code="3">IT\ICCU\CNCT\000856</subfield>
    <subfield code="4">650</subfield>
  </datafield>
  <datafield tag="712" ind1="0" ind2="0">
    <subfield code="a">Bonfadino, Bartolomeo &amp; Diani, Tito</subfield>
    <subfield code="3">IT\ICCU\CNCT\000306</subfield>
    <subfield code="4">650</subfield>
  </datafield>
  <datafield tag="790" ind1=" " ind2="1">
    <subfield code="a">Durantes,</subfield>
    <subfield code="b">Castor</subfield>
    <subfield code="3">IT\ICCU\CNCA\026036</subfield>
    <subfield code="z">Durante, Castore</subfield>
  </datafield>
  <datafield tag="801" ind1=" " ind2="3">
    <subfield code="a">IT</subfield>
    <subfield code="b">ICCU</subfield>
    <subfield code="c">20201114</subfield>
  </datafield>
  <datafield tag="899" ind1=" " ind2=" ">
    <subfield code="a">Biblioteca estera - sterreichische Nationalbibliothek. Wien</subfield>
    <subfield code="1">AA0010</subfield>
  </datafield>
  <datafield tag="899" ind1=" " ind2=" ">
    <subfield code="a">Biblioteca civica A. Mai. Bergamo</subfield>
    <subfield code="1">BG0026</subfield>
    <subfield code="2">LO1 02</subfield>
  </datafield>
  <datafield tag="899" ind1=" " ind2=" ">
    <subfield code="a">Biblioteca pubblica arcivescovile Francesco Pacca. Benevento</subfield>
    <subfield code="1">BN0008</subfield>
    <subfield code="2">PBE 84</subfield>
  </datafield>
  <datafield tag="899" ind1=" " ind2=" ">
    <subfield code="a">Biblioteca universitaria. Bologna</subfield>
    <subfield code="1">BO0098</subfield>
    <subfield code="2">UBO BU</subfield>
  </datafield>
  <datafield tag="899" ind1=" " ind2=" ">
    <subfield code="a">Biblioteca Apostolica Vaticana. Citt ̉del Vaticano</subfield>
    <subfield code="1">EX0001</subfield>
    <subfield code="2">ZCV 01</subfield>
  </datafield>
  <datafield tag="899" ind1=" " ind2=" ">
    <subfield code="a">Biblioteca comunale Ariostea. Ferrara</subfield>
    <subfield code="1">FE0017</subfield>
    <subfield code="2">UFE AR</subfield>
  </datafield>
  <datafield tag="899" ind1=" " ind2=" ">
    <subfield code="a">Biblioteca del Seminario arcivescovile maggiore. Firenze</subfield>
    <subfield code="1">FI0056</subfield>
    <subfield code="2">RT1 QM</subfield>
  </datafield>
  <datafield tag="899" ind1=" " ind2=" ">
    <subfield code="a">Biblioteca monsignor Luigi Roba. Genova</subfield>
    <subfield code="1">GE0139</subfield>
    <subfield code="2">PBE 10</subfield>
  </datafield>
  <datafield tag="899" ind1=" " ind2=" ">
    <subfield code="a">Biblioteca centrale della Regione siciliana Alberto Bombace. Palermo</subfield>
    <subfield code="1">PA0064</subfield>
    <subfield code="2">PAL BP</subfield>
  </datafield>
  <datafield tag="899" ind1=" " ind2=" ">
    <subfield code="a">Biblioteca del Monte. Perugia</subfield>
    <subfield code="1">PG0154</subfield>
    <subfield code="2">UM1 46</subfield>
  </datafield>
  <datafield tag="899" ind1=" " ind2=" ">
    <subfield code="a">Biblioteca universitaria. Pavia</subfield>
    <subfield code="1">PV0291</subfield>
    <subfield code="2">MIL UP</subfield>
  </datafield>
  <datafield tag="899" ind1=" " ind2=" ">
    <subfield code="a">Biblioteca comunale Manfrediana. Faenza</subfield>
    <subfield code="1">RA0016</subfield>
    <subfield code="2">RAV FA</subfield>
  </datafield>
  <datafield tag="899" ind1=" " ind2=" ">
    <subfield code="a">Biblioteca universitaria Alessandrina. Roma</subfield>
    <subfield code="1">RM0280</subfield>
    <subfield code="2">RML 01</subfield>
  </datafield>
  <datafield tag="899" ind1=" " ind2=" ">
    <subfield code="a">Biblioteca centrale dei frati minori cappuccini. Roma</subfield>
    <subfield code="1">RM0315</subfield>
    <subfield code="2">ZRM 52</subfield>
  </datafield>
  <datafield tag="899" ind1=" " ind2=" ">
    <subfield code="a">Biblioteca Reale. Torino</subfield>
    <subfield code="1">TO0263</subfield>
    <subfield code="2">TO0 07</subfield>
  </datafield>
  <datafield tag="899" ind1=" " ind2=" ">
    <subfield code="a">Biblioteca civica. Verona</subfield>
    <subfield code="1">VR0059</subfield>
    <subfield code="2">ZVR 02</subfield>
  </datafield>
  <datafield tag="911" ind1=" " ind2=" ">
    <subfield code="a">Sul front.</subfield>
    <subfield code="9">IT\ICCU\CNCM\000246</subfield>
  </datafield>
  <datafield tag="911" ind1=" " ind2=" ">
    <subfield code="a">In fine.</subfield>
    <subfield code="9">IT\ICCU\CNCM\000145</subfield>
  </datafield>
  <datafield tag="921" ind1=" " ind2=" ">
    <subfield code="a">IT\ICCU\CNCM\000246</subfield>
    <subfield code="b">Monogramma di Cristo raggiante con simboli della passione.</subfield>
    <subfield code="c">Z869</subfield>
    <subfield code="d">Dimensioni: 5,5 x 6,5</subfield>
    <subfield code="f">CHIODI</subfield>
    <subfield code="f">CROCE</subfield>
    <subfield code="f">IHS</subfield>
    <subfield code="f">MONOGRAMMA</subfield>
    <subfield code="g">1583-1600</subfield>
  </datafield>
  <datafield tag="921" ind1=" " ind2=" ">
    <subfield code="a">IT\ICCU\CNCM\000145</subfield>
    <subfield code="b">Istrice con gli aculei rizzati in atto di difendersi. In cornice figurata.</subfield>
    <subfield code="e">Mordentes sauciabuntur.</subfield>
    <subfield code="c">V197</subfield>
    <subfield code="c">Z771</subfield>
    <subfield code="d">Dimensioni: 8,8 x 8,8</subfield>
    <subfield code="f">ACULEI</subfield>
    <subfield code="f">ISTRICE</subfield>
    <subfield code="f">MORDENTESS</subfield>
    <subfield code="g">1584-1589</subfield>
  </datafield>
</record>
</collection>
